@book{c_design_norman,
Author = {Norman, Donald A. and Norman, Donald A.},
ISBN = {9780465050659},
Publisher = {New York, NY : Basic Books, 2013},
Title = {The design of everyday things.},
URL = {http://ludwig.lub.lu.se/login?url=http://search.ebscohost.com.ludwig.lub.lu.se/login.aspx?direct=true&db=cat01310a&AN=lovisa.003750650&site=eds-live&scope=site},
Year = {2013},
}

@book{c_interaction_design,
Author = {Sharp, Helen and Preece, Jennifer and Rogers, Yvonne},
ISBN = {9781119020752},
Publisher = {Chichester : Wiley, cop. 2015},
Title = {Interaction design : beyond human-computer interaction.},
URL = {http://ludwig.lub.lu.se/login?url=http://search.ebscohost.com.ludwig.lub.lu.se/login.aspx?direct=true&db=cat01310a&AN=lovisa.004721910&site=eds-live&scope=site},
Year = {2015},
}
