@misc{
  c_mdi,
    author = "Wikipedia",
    title = "Människa–datorinteraktion --- Wikipedia{,} ",
    year = "2018",
    howpublished = "\url{https://sv.wikipedia.org/w/index.php?title=M%C3%A4nniska%E2%80%93datorinteraktion&oldid=42589910}",
    note = "[Online; accessed 25-september-2018]"
}

@misc{
  c_hci,
    author = "Wikipedia",
    title = "Human–computer interaction --- {Wikipedia}{,} The Free Encyclopedia",
    year = "2018",
    howpublished = "\url{https://en.wikipedia.org/w/index.php?title=Human%E2%80%93computer_interaction&oldid=861078026}",
    note = "[Online; accessed 25-September-2018]"
}

@misc{
  c_shotgun,
    author = "{Shotgun Software inc.}",
    title = "Shotgun software homepage",
    year = "2018",
    howpublished = "\url{https://www.shotgunsoftware.com/}",
    note = "[Online; accessed 25-September-2018]"
}
@misc{
  c_massive,
    author = "Wikipedia",
    title = "Massive Entertainment --- Wikipedia{,} ",
    year = "2018",
    howpublished = "\url{http://sv.wikipedia.org/w/index.php?title=Massive_Entertainment&oldid=42785559}",
    note = "[Online; accessed 25-september-2018]"
}

@book{
  c_handbook_usability,
 author = {Rubin, Jeffrey and Chisnell, Dana},
 title = {Handbook of Usability Testing: Howto Plan, Design, and Conduct Effective Tests},
 year = {2008},
 isbn = {978-0470185483},
 edition = {2},
 publisher = {Wiley Publishing},
}

@misc{
  c_congnitivescience,
    author = "{Wikipedia contributors}",
    title = "Cognitive science --- {Wikipedia}{,} The Free Encyclopedia",
    year = "2018",
    howpublished = "\url{https://en.wikipedia.org/w/index.php?title=Cognitive_science&oldid=861206373}",
    note = "[Online; accessed 3-October-2018]"
}

@misc{
  c_nda,
    author = "{Wikipedia contributors}",
    title = "Non-disclosure agreement --- {Wikipedia}{,} The Free Encyclopedia",
    year = "2018",
    howpublished = "\url{https://en.wikipedia.org/w/index.php?title=Non-disclosure_agreement&oldid=860770715}",
    note = "[Online; accessed 3-October-2018]"
  }
