@misc{
  c_mdi,
    author = "Wikipedia",
    title = "Människa–datorinteraktion --- Wikipedia{,} ",
    year = "2018",
    howpublished = "\url{https://sv.wikipedia.org/w/index.php?title=M%C3%A4nniska%E2%80%93datorinteraktion&oldid=42589910}",
    note = "[Online; hämtad 25-september-2018]"
}

@misc{
  c_hci,
    author = "Wikipedia",
    title = "Human–computer interaction --- {Wikipedia}{,} The Free Encyclopedia",
    year = "2018",
    howpublished = "\url{https://en.wikipedia.org/w/index.php?title=Human%E2%80%93computer_interaction&oldid=861078026}",
    note = "[Online; hämtad 25-September-2018]"
}

@misc{
  c_shotgun,
    author = "{Shotgun Software inc.}",
    title = "Shotgun software hemsida",
    year = "2018",
    howpublished = "\url{https://www.shotgunsoftware.com/}",
    note = "[Online; hämtad 25-September-2018]"
}
@misc{
  c_massive,
    author = "Wikipedia",
    title = "Massive Entertainment --- Wikipedia{,} ",
    year = "2018",
    howpublished = "\url{http://sv.wikipedia.org/w/index.php?title=Massive_Entertainment&oldid=42785559}",
    note = "[Online; hämtad 25-september-2018]"
}
Navigeringsme
