@book{c_book_dont_make_me_think,
Author = {Krug, Steve},
ISBN = {0321965515},
Publisher = {[Berkeley, CA] : New Riders, 2014},
Title = {Don't make me think, revisited : a common sense approach to web usability.},
url = {http://ludwig.lub.lu.se/login?url=http://search.ebscohost.com.ludwig.lub.lu.se/login.aspx?direct=true&db=cat01310a&AN=lovisa.003201511&site=eds-live&scope=site},
Year = {2014},
}
